<?xml version="1.0" encoding="UTF-8"?><collection xmlns="http://www.loc.gov/MARC21/slim"><record><leader>00512nam--2200193-u-4500</leader><controlfield tag="001">000053778</controlfield><controlfield tag="002">20161230</controlfield><controlfield tag="005">20161230201051</controlfield><controlfield tag="008">110620s1000------------r-----000-0-eng-d</controlfield><datafield ind1=" " ind2=" " tag="020"><subfield code="a">0850860385</subfield></datafield><datafield ind1=" " ind2=" " tag="040"><subfield code="a">IFIN-HH</subfield></datafield><datafield ind1=" " ind2=" " tag="080"><subfield code="a">537.5:621.375.826:621.382</subfield></datafield><datafield ind1="1" ind2=" " tag="100"><subfield code="a">Ferrari, R.L</subfield></datafield><datafield ind1="1" ind2="0" tag="245"><subfield code="a">Problems in physical electronics</subfield><subfield code="c">R.l. ferrari; a.k. jonscher</subfield></datafield><datafield ind1=" " ind2=" " tag="260"><subfield code="a">London</subfield><subfield code="b">Pion Limited</subfield><subfield code="c">1973</subfield></datafield><datafield ind1=" " ind2=" " tag="300"><subfield code="a">471P</subfield></datafield><datafield ind1="1" ind2=" " tag="700"><subfield code="a">Jonscher, A.K</subfield></datafield><datafield ind1=" " ind2=" " tag="852"><subfield code="a">42597</subfield><subfield code="c">537:538</subfield></datafield><datafield ind1=" " ind2=" " tag="CAT"><subfield code="a">Sys</subfield><subfield code="c">20110620</subfield><subfield code="h">160910</subfield></datafield></record></collection>